@book{sommerville_2008_software,
  author = {Sommerville, Ian},
  edition = {8},
  publisher = {Addison-Wesley},
  title = {Software engineering},
  year = {2008}
}

@misc{point_2019_sdlc,
  author = {Point, Tutorials},
  title = {SDLC - Iterative Incremental Model},
  url = {https://www.tutorialspoint.com/adaptive_software_development/sdlc_iterative_incremental_model.htm},
  urldate = {2020-08-09},
  year = {2019},
  organization = {Tutorialspoint.com}
}

@book{capersjones_2017_software,
  author = {Capers Jones},
  publisher = {Taylor & Francis},
  title = {Software methodologies : a quantitative guide},
  year = {2017}
}

@misc{paradigm_2018_uml,
  author = {Paradigm, Visual},
  title = {UML, Agile, TOGAF, PMBOK, BPMN},
  url = {https://www.visual-paradigm.com/guide/},
  urldate = {2020-08-06},
  year = {2018},
  organization = {www.visual-paradigm.com}
}